<?xml version="1.0" encoding="UTF-8"?><collection xmlns="http://www.loc.gov/MARC21/slim"><record><leader>00604nam--2200193-i-4500</leader><controlfield tag="001">000019656</controlfield><controlfield tag="002">20161230</controlfield><controlfield tag="005">20161230201033</controlfield><controlfield tag="008">060222s1000------------r-----000-0-rum-d</controlfield><datafield ind1=" " ind2=" " tag="040"><subfield code="a">IFIN-HH</subfield></datafield><datafield ind1=" " ind2=" " tag="041"><subfield code="a">rum</subfield></datafield><datafield ind1=" " ind2=" " tag="080"><subfield code="a">539.12.172:539.12.162.7(043)</subfield></datafield><datafield ind1="1" ind2=" " tag="100"><subfield code="a">Constantinescu, Anisoara</subfield></datafield><datafield ind1="1" ind2="0" tag="245"><subfield code="a">Stari finale cu 4- si 5- corpuri in interactiunile pi-p la 5 gevc</subfield><subfield code="b">Teza</subfield><subfield code="c">Anisoara constantinescu</subfield></datafield><datafield ind1=" " ind2=" " tag="260"><subfield code="a">Bucuresti</subfield><subfield code="b">Facultatea De Fizica</subfield><subfield code="c">1972</subfield></datafield><datafield ind1=" " ind2=" " tag="300"><subfield code="a">179 P</subfield></datafield><datafield ind1=" " ind2=" " tag="502"><subfield code="a">Conducator Stiintific: Acad.Prof.Dr.Doc. Horia Hulubei</subfield></datafield><datafield ind1=" " ind2=" " tag="852"><subfield code="a">44497</subfield><subfield code="c">H.H</subfield></datafield><datafield ind1=" " ind2=" " tag="CAT"><subfield code="a">Sys</subfield><subfield code="c">20130409</subfield><subfield code="h">171207</subfield></datafield></record></collection>